@book{he:comp,
    author =    {John L. Hennessy and David A. Patterson},
    title =     {Computer Architecture. A Quantitative Approach},
    publisher = {Morgan Kaufman},
    year =      1996,
    address = "San Francisco",
    edition = {Second},
    month = nov,
}

@booklet{ac:comp ,
    title = "Computing Curricula 1991 ",
    author = "{ACM/IEEE-CS} Joint Curriculum Task Force ",
    address = "N.Y.",
    year = 1991,
    month = feb,
    note = "disponible en \url{http://www.acm.org}"
}


@article{ wu:scal,
    AUTHOR = "Stefan Wuchty",
    TITLE = "Protein Domains in Scale-Free Networks",
    JOURNAL = "Molecular Biology Evolution",
    YEAR = 2001,
    VOLUME = 18,
    NUMBER = 9,
    PAGES = "1694 -- 1702",
    MONTH = "marzo"
}


@incollection{ so:comp,
    AUTHOR = "Ricard V. Sol\'{e} and Romualdo Pastor-Satorras",
    TITLE = "Complex Networks in Genomics and Proteomics",
    BOOKTITLE = " Handbook of Graphs and Networks: From the Genome to the Internet",
    PUBLISHER = "Wiley",
    YEAR = 2003,
    EDITOR = "Bornholdt, Stefan y Schuster, Heinz Georg",
    MONTH = "enero",
    CHAPTER = 3,
    VOLUME = 2
}


@manual{su:netw,
    title = "Network Programming",
    author = "Solar S. Center and Sol Starr",
    year = 1988,
    address = "San Jose, CA",
    organization = "Sun Microsystems ",
    edition = "{R}evision {A}",
    month = "mayo",
    note = "disponible en \url{http://www.sun.com/manuals/np.html}"
}


@book{vLeunen:92,
    author       = "Mary-Claire van Leunen",
    title        = "A handbook for scholars",
    publisher    = "Oxford University Press",
    address      = "Walton Street, Oxford OX2 6DP, UK",
    year         = "92"
}


@book {ll:94 ,
    author = "Leslie Lamport" ,
    title = "\LaTeX: A Document Preparation System" ,
    publisher = "Addison--Wesley Pub.\ Co." ,
    year = "1994" ,
    edition = "2nd.",
    address = "Reading, MA" ,
}


@misc{ne:powe,
    TITLE = "Power laws, Pareto distributions and Zipf's law",
    author = {Newman, M. E. J.}, 
    YEAR = 2006,
    HOWPUBLISHED ="arXiv:cond-mat/0412004v3",
    NOTE = "Disponible en \url{http://arxiv.org/abs/cond-mat/0412004v3}"
   }

@inproceedings {li:ace,
    title	= "A Citation Analysis of the ACE2005-2007 Proceedings, with References to the June 2007 CORE Conferences and Journal Rankings",
    author	= "Raymond Lister and Ilona Box",
    year	= {2008},
    booktitle = {Tenth Australasian Computing Education Conference},
    month = {enero},
}


@article{me:lotka,
    author = {Christopher R. Merlo and Joan M. Merlo and Lori Hoeffner and Richard Moscatelli},
    title = {An analysis of computer science education publication using Lotka's law},
    journal = {J. Comput. Small Coll.},
    volume = {26},
    issue = {3},
    month = {enero},
    year = {2011},
    issn = {1937-4771},
    pages = {85--92},
    numpages = {8},
    url = {http://dl.acm.org/citation.cfm?id=1859159.1859177},
    acmid = {1859177},
    publisher = {Consortium for Computing Sciences in Colleges},
    address = {USA},
} 

@inproceedings{ al:laco,
    AUTHOR = "Ricardo Alberich and Joe Mir\'{o}",
    TITLE = "La colaboraci\'{o}n en el {J}enui \textsl{revisited}: La convergencia
  europea",
    BOOKTITLE = "Actas de las {XV} Jornadas de Ense\~{n}anza Universitaria de 
			  Inform\`{a}tica, {J}enui 2009",
    YEAR = 2009,
    PAGES = "431 -- 434",
    ADDRESS = "Barcelona",
    MONTH = "julio",
    NOTE = "P\'{o}ster"
}

